<?xml version="1.0" encoding="UTF-8"?><collection xmlns="http://www.loc.gov/MARC21/slim"><record><leader>00409nam--2200133-i-4500</leader><controlfield tag="001">000029510</controlfield><controlfield tag="002">20161230</controlfield><controlfield tag="005">20161230201037</controlfield><controlfield tag="008">060222s1000------------r-----000-0-eng-d</controlfield><datafield ind1=" " ind2=" " tag="080"><subfield code="a">539.219.3:666.112.2(043)</subfield></datafield><datafield ind1=" " ind2=" " tag="100"><subfield code="a">Lacharme, Jean-pierre</subfield></datafield><datafield ind1=" " ind2=" " tag="245"><subfield code="a">Diffusion et mobilite electrique des ions na, et k dans des verres de silicates.these</subfield></datafield><datafield ind1=" " ind2=" " tag="260"><subfield code="a">Paris, Luniversite, Paris Vi, 1975. 172p</subfield></datafield><datafield ind1=" " ind2=" " tag="852"><subfield code="a">44038</subfield></datafield></record></collection>